/home/brede/MEGA/Data_Science/Koerner/work/Koerner.bib